
@book{aristotele,
    author="Aristotle",
    title="Posterior Analytics",
    editor="Translated with a commentary by Barnes, J.",
    publisher="Clarendond Press",
    year=1993,
    address="Oxford."
}

@book{aristotele2,
    author="Aristotle",
    title="Prior Analytics",
    editor="Translated by A. J. Jenkinson",
    publisher="in http://classics.mit.edu/Aristotle/prior.
    html",
    year=1994,
    address=""
}

@article{wansing,
    author="Wansing, H.",
    title="The idea of proof-theoretic semantics",
    journal="Studia Logica",
    year="2000",
    volume="15",
    pages="3-20"
}

@book{beziau,
    author="B\'eziau, J. Y.",
    title="Universal Logic: An Anthology. From Paul Hertz to Dov Gabbay",
    publisher="Birkh{\"a}user",
    year="2012,"
}


@article{anellis,
    author="Anellis, H.",
    title="Forty years of ``unnatural'' natural deduction and quantification: a history of first-order systems of natural deduction from Gentzen to Copi",
    journal="Modern Logic",
    year="1991",
    volume="2",
    pages="113-152"
}


@article{boolos,
    author="Boloos, G.",
    title="Don't eliminate cut",
    journal="Journal of Philosophical Logic",
    year="1984",
    volume="13",
    pages="373-378"
}

@article{agomonda,
    author="D'agostino, M. and Mondadori, M.",
    title="The Taming of the Cut. {C}lassical Refutations with Analytic Cut",
    journal="Journal of Logic and Computation",
    year="1994",
    volume="4",
    pages="285-319"
}

@article{vonplato,
    author="von Plato, J.",
    title="Gentzen's Proof Systems: {B}yproducts in a work of a genius",
    journal="The Bulletin of Symbolic Logic",
    year="2012",
    volume="18",
    pages="313-367"
}


@article{lesniewski,
    author="Le\'{s}niewski, S.",
    title="Gr{\"u}ndzuge eines neuen Systems der Grundlagen der Mathematik",
    journal="Fundamenta Mathematicae",
    year="1929",
    volume="14",
    pages="1-81"
}


@article{tableaux,
    author="Beth, E.",
    title="Semantic entailment and formal derivability",
    journal="Mededelingen van de Koninklijke Nederlandse Akademie van Wetenschappen Afdeling Letterkunde",
    year="1955",
    volume="15",
    pages="309-342"
}


@article{guglielmi,
    author="Guglielmi, A.",
    title="A system of interaction and structure",
    journal="{ACM} Transactions on computational Logic",
    year="2007",
   volume="21",
   pages="1-64"
}

%    volume="8",


@incollection{Dummett,
    author="Dummett, M.",
    title="The Philosophical Basis of Intuitionistic Logic",
    booktitle="Truth and Other Enigmas",
    year= "1978",
    publisher="Harvard University Press",
    pages="215-247"
}

@article{belnap2,
    author="Belnap, N. D.",
    title="Display Logic",
    journal="Journal of Philosophical Logic",
    year="1982",
     volume="7",
    pages="375-417"
}


%    volume="11",

@article{kremer,
    author="Kremer, M.",
    title="Logic and Meaning: the Philosophical Significance of the Sequent Calculus",
    journal="Mind, New Series",
    year="1988",
    volume="11",
    pages="50-72"
}

%    volume="97",


@book{gabbay,
    author="Gabbay, D.",
    title="Labelled Deductive Systems: Volume 1. Foundations",
    publisher="Oxford University Press",
    year="1996",
    address="Oxford"
}

@article{prior,
    author="Prior, A. N.",
    title="A Runabout Inference Ticket",
    journal="Analysis",
    year="1960",
    volume="8",
    pages="38-39"
}

%    volume="21",

@incollection{Prawitz,
    author="Prawitz, D.",
    title="Ideas and results in proof theory",
    booktitle="Proceedings of the Second Scandinavian Logic Symposium",
    editor="Fenstad, J.",
    year= "1971",
    publisher="Elsevier",
    pages="235-307"
}


@book{menzler,
    author="Menzler-Trott, E.",
    title="Logic's Lost Genius: The Life of Gerhard Gentzen",
    publisher="American Mathematical Society - London Mathematical Society",
    year="2007",
}

@book{casari,
    author="Casari, E.",
    title="La filosofia della matematica del '900",
    publisher="Sansoni",
    year="1973",
}


@book{proclus,
    author="Heath, T.",
    title="A history of Greek Mathematics, Vol.1",
    publisher="Courier Dover Publications",
    year="1981",
    address="New York"
}

@article{ciabattoni5,
    author="Ciabattoni, A.",
    title="Hypersequent Calculi for some Intermediate Logics with Bounded {K}ripke Models",
    journal="Journal of Logic and Computation",
    year="2001",
    volume="28",
    pages="283-294"
}

@book{cc,
    author="Arora, S. and Boaz Barak, J.",
    title="Computational Complexity. A Modern Approach",
    publisher="Princeton University Press",
    year="2009",
}


@article{read,
    author="Read, S.",
    title="Harmony and autonomy in classical logic",
    journal="Journal of Philosophical Logic",
    year="2000",
    volume="9",
    pages="123-154"
}

%    volume="29",


@book{dummett8,
    author="Dummett, M.",
    title="Realism and anti-realism, The Seas of Language",
    publisher="Harvard University Press",
    year="1993",
}



@article{bust,
    author="Br{\"u}nnler, K. and St{\"u}der, T.",
    title="Syntactic Cut-elimination for Common Knowledge",
    journal="Notes in Theoretical Computer Science",
    year="2007",
    volume="32",
    pages="1-13"
}

@article{dosen,
    author="Do{\v{s}}en, K.",
    title="Logical constants as punctuation marks",
    journal="Notre Dame Journal of Formal Logic",
    year="1989",
    volume="16",
    pages="362-381"
}

@article{tennant,
    author="Tenannt, N.",
    title="Anti-Realist Aporias",
    journal="Mind",
    year="2000",
    volume="18",
    pages="831-860"
}



@article{tennant2,
    author="Tenannt, N.",
    title="Ultimate normal forms for parallelized natural deductions",
    journal="Logic Journal of the IGPL",
    year="2002",
    volume="19",
    pages="299-337"
}

@article{sambin,
    author="Sambin, G. and Battilotti, G. and Faggian, C.",
    title="Basic Logic: Reflection, Symmetry, Visibility",
    journal="Journal of Symbolic Logic",
    year="2000",
     volume="21",
    pages="979-1013"
}
%    volume="65",


@article{paoli3,
    author="Paoli, F.",
    title="Quine and Slater on paraconsistency and deviance",
    journal="Journal of Philosophical Logic",
    year="2003",
     volume="23",
    pages="531-548"
}

%  volume="32",
  

@book{dragalin,
    author="Dragalin, A. G.",
    title="Mathematical Intuitionism. Introduction to Proof Theory",
    publisher="American Mathematical Society",
    year="1988",
    address="Providence"
}

@article{casari2,
	title = {Matematica e Verità},
	year={1987},
	journal = {Rivista di Filosofia},
	author = {Casari, E.},
	pages = {329--350},
	 volume="8",
	file = {Snapshot:/Users/brianhdehill/Library/Application Support/Firefox/Profiles/s7ebri3d.default/zotero/storage/5IAIKFAG/cat.inist.fr.html:text/html}
},

@incollection{poggiolesi10,
	title = {Conservativeness and eliminability for anti-realistic definitions. Towards a global view of the meaning of logical constants},
	year={2010},
	booktitle = {(Anti)-Realism. The Realism-Antirealism Debate in the Age of Alternative Logics},
	author = {Poggiolesi, F.},
	pages = {168--181},
	publisher = {Springer}
},





@article{rumberg,
	title = {Bolzano's theory of grounding against the background of normal proofs},
	journal = {Review of Symbolic Logic},
	author = {Rumberg, A.},
	year = {2013},
	volume = {6},
	pages = {424--459},
},

%	volume = {6},
%	number = {3},

%!TEX TS-program =  

@article{Schroeder-Heister3,
    author="Schroeder-Heister, P.",
    title="Resolution and the Origins of Structural Reasoning: Early Proof-Theoretic Ideas of {H}ertz and {G}entzen",
    journal="Bullettin of Symbolic Logic",
    year="2002",
    volume = {28},
    pages="246-265"
}


@article{piecha,
    author="de Campos Sanz, W. and Piecha, T.",
    title="Inversion by definitional reflection and the admissibility of logical rules",
    journal="Review of Symbolic Logic",
    year="2009",
    volume = {4},
    pages="550-569"
}


@article{Steinberger,
    author="Steinberger, F.",
    title="Why Conclusions Should Remain Single",
    journal="Journal of Philosophical Logic",
    year="2011",
    volume = {26},
    pages="333-355"
}


@article{read2,
    author="Read, S.",
    title="General-elimination harmony and the meaning of the logical constants",
    journal="Journal of Philosophical Logic",
    year="2010",
     volume="14",
    pages="557-576"
}

@article{avron10,
    author="Avron, A.",
    title="Gentzenizing {S}chroeder-{H}eister’s natural extension of natural deduction",
    journal="Notre Dame Journal of Formal Logic",
    year="1990",
    volume="23",
    pages="127-135"
}



@article{ketonen,
    author="Ketonen, O.",
    title="Untersuchungen zum Pradikatenkalkiil",
    journal="Annales Acaderniae Scientiarum Fennicae",
    year="1944",
     volume="2",
    pages="220-256"
}

@book{pappo,
    author="Pappus",
    title="Book 7 of the Collections",
    publisher="Springer-Verlag",
    year="1986",
    address="New York-Berlin-Hiedelberg-Tokio"
}


@book{cartesio,
    author="Descartes, R.",
    title="Rules for the Direction of the Mind, Discourse on the Method, Meditations on First Philosophy,
    Objections against the Meditations and Replies, The Geometry",
    publisher="William Benton",
    year="1952",
    address="Chicago - London - Toronto - Geneva - Sydney - Tokio - Manila"
}



@book{Lorenzen,
    author="Lorenzen, P.",
    title="Einf{ü}hrung in die operative Logik and Mathematik",
    publisher="Springer-Verlag",
    year="1955",
}



@book{prawitz2,
    author="Prawitz, D.",
    title="Natural Deduction. A Proof-Theoretical Study",
    publisher="Almqvist and Wiksell",
    year="1965",
}

@article{curry,
    author="Curry, H. B.",
    title="The inferential approach to logical calculus",
    journal="Logique et Analyse",
    year="1960",
     volume="5",
    pages="119-136"
}


@article{SchroederHeister,
    author="Kahle, R. and Schroeder-Heister, P.",
    title="Introduction: Proof-theoretic Semantics",
    journal="Synthese",
    year="2006",
    pages="503-526"
}

@article{SchroederHeister2,
    author="Schroeder-Heister, P.",
    title="Validity Concepts in Proof-theoretic Semantics",
    journal="Synthese",
    year="2006",
    pages="525-571",
}



@article{Ramanayake,
    author="Ramanayake, R.",
    title="Embedding the hypersequent calculus in the display calculus",
    journal="Journal of Logic and Computation",
    year="2015",
     volume="34",
    pages="5-27"
}


@article{ciabattoni2,
    author="Ciabattoni, A. and Ramanayake, R.",
    title="Structural extensions of display calculi: a general recipe",
    journal="WOLLIC 2013",
    year="2013",
     volume="6",
    pages="98-115"
}



@article{ciabattoni,
    author="Ciabattoni, A. and Leitsch, A.",
    title="Towards an Algorithmic Construction of Cut-Elimination Procedures",
    journal="Mathematical Structures in Computer Science",
    year="2008",
     volume="14",
    pages="81-105"
}


@incollection{gentzen,
    author="Gentzen, G.",
    title="Investigations into Logical Deductions",
    booktitle="The Collected Papers of Gerhard Gentzen",
    editor="Szabo, M. E.",
    year= "1969",
    publisher="North-Holland",
    address="Amsterdam",
    pages="68-131"
}


@article{poggiolesi2,
    author="Poggiolesi, F.",
    title="Towards a Satisfying Proof Analysis of the Logic of Proofs",
    journal="Proceedings of the Second ILCLI International Workshop on Logic and Philosohpy of
    Knowledge, Communication and Action",
    year="2010",
    pages="371-387"
}


@article{artemov1,
    author="Artemov, S.",
    title="Explicit provability and constructive semantics",
    journal="Bulletin of Symbolic Logic",
    year="2001",
    volume="7",
    pages="1-36."
}

@incollection{avron,
    author="Avron, A.",
    title="The Method of Hypersequents in the Proof Theory
    of Propositional Non - classical Logic",
    booktitle="Logic: from {F}oundations to
    {A}pplications",
    editor="Hodges, W. and Hyland, M. and
    Steinhorn, C. and Strauss, J.",
    year= "1996",
    address="Oxford",
    publisher="Oxford University Press",
    pages="1-32"
}

@article{dosen2,
    author="Do\v{s}en, K.",
    title="Sequent-systems for modal logic",
    journal="Journal of Symbolic Logic",
    year="1985",
    volume="50",
    pages="149-159"
}



@article{robinson,
    author="Robinson, J. A.",
    title="A Machine-Oriented Logic Based on the Resolution Principle",
    journal="Journal of the ACM",
    year= "1965",
    volume = {9},
    pages="23-41",
}




@article{io6,
    author="Poggiolesi, F.",
    title="Display calculi and other calculi: a comparison",
    journal="Synthese",
    year= "2010",
    volume="18",
    pages="259-279",

}

@article{negri,
    author="Negri, S.",
    title="Proof Analysis in Modal Logic",
    journal="Journal of Philosophical Logic",
    year="2005",
    volume="34",
    pages="507-544"
}



@incollection{artemovipl,
    author="Artemov, S.",
    title="Unified Semantics for Modality and {$\lambda$}-terms via Proof Polynomials",
    booktitle="Algebras, Diagrams and Decisions in Language, Logic and Computation",
    year= 2002,
    editor=" K. Vermeulen and A. Copestake",
    address="Stanford University",
    publisher="CSLI publications",
    pages="1-35"
}



@article{artemov3,
    author="Artemov, S. and Nogina, E.",
    title="Introducing justification into epistemic logic",
    journal="Journal of Logic and Computation",
    year="2005",
    volume="15",
    pages="1059-1073."
}


@article{artemov2,
    author="Artemov, S.",
    title="Justified common knowledge",
    journal=" Theoretical Computer Science",
    year="2006",
    volume="357",
    pages="4-22."
}

@article{fitting,
    author="Fitting, M.",
    title="The logic of proofs, semantically",
    journal="Annals of Pure and
Applied Logic",
    year="2005",
    volume="132",
    pages="1-25."
}

@book{renne,
    author="Renne, B.",
    title="Dynamic Epistemic Logic with Justification.",
    publisher="Ph.D thesis",
    year=2008,
    address="The City University of New York."
}


@article{artemov4,
    author="Artemov, S.",
    title="Knowledge-based rational decisions",
    journal="Technical Report TR-2009011, CUNY Ph.D. Program in Computer Science",
    year="2009",
    pages="1-28."
}


@incollection{wansing2,
    author="Wansing, H.",
    title="Sequent systems for modal logics",
    booktitle="Handbook of Philosophical Logic, Vol 8",
    year= 2002,
    address="Dordrecht",
    publisher="Kluwer",
    pages="61-145"
}

@book{wansing5,
    author="Wansing, H.",
    title="Displaying Modal Logic",
    publisher="Kluwer Academic Publisher",
    year="1998",
    address="Dordrecht."
}

@incollection{am,
    author="Mkrtychev, A.",
    title="Models for the Logic of Proofs",
    booktitle="Lecture Notes In Computer Science; Proceedings of the 4th International Symposium on Logical Foundations of Computer Science",
    year= 1997,
    editor=" S. Adian and A. Nerode",
    address="Dordrecht",
    publisher="Springer",
    pages="266-275"
}


@book{prooftheory,
    author="Troelestra, A. S. and Schwichtenberg, H.",
    title="Basic Proof Theory",
    publisher="Cambridge University Press",
    year=1996,
    address="Cambridge"
}

@book{wansing3,
    author="Wansing, H.",
    title="Displaying Modal Logic",
    publisher="Kluwer Academic Publisher",
    year="1998",
    address="Dordrecht"
}


@book{poggiolesi,
    author="Poggiolesi, F.",
    title="Gentzen Calculi for Modal Propositional Logic",
    publisher="Trends in Logic Series, Springer",
    year="2010"
    
}

@article{Indrezejczak,
    author="Indrezejczak, A.",
    title="Generalised Sequent Calculus for
    Propositional Modal Logics",
    journal="Logica Trianguli",
    year="1997",
     volume="7",
    pages="15-31"
}

%volume="1",


@article{poggiolesi3,
    author="Poggiolesi, F.",
    title="On the importance of being analytic",
    journal="Logique et Analyse",
    year="2012",
     volume="19",
    pages="443-461"
}

@book{KR,
    author=" Kahle, R. and Rathjen, M.",
    title="Gentzen’s Centenary: The Quest for Consistency",
    publisher="Springer",
    year="2015",
}


@article{smullyan,
    author="Smullyan, R. M.",
    title="Analytic cut",
    journal="Journal of Symbolic Logic",
    year="1968",
    volume="33",
    pages="560-564"
}

@book{pts,
    author=" Kahle, R. and Schroeder-Heister, P.",
    title="Proof-Theoretic Semantics",
    publisher="Synthese (Special Issue)",
    year="2006",
     volume="18",
    address="148"
}

@book{girard,
    author=" Girard, J-Y. and Lafont, Y. and Tayler, P.",
    title="Proofs and Types",
    publisher="Cambridge Tracts in Theoretical Computer Science",
    year="1989",
    address="Cambridge"
}

@article{hintikka,
    author="Hintikka, J.",
    title="Are Logical truths Analytic?",
    journal="The Philosophical Review",
    year="1965",
     volume="3",
    pages="178-203"
}

%    volume="74",


@book{belnap,
    author=" Anderson, A.R. and Belnap, N.",
    title="Entailement: the logic of relevance and necessity",
    publisher="Princeton University Press",
    year="1975",
}

@book{giuntini,
    author=" Dalla Chiara, M. L. and Giuntini, R. and Greechie, R.",
    title="Reasoning in quantum theory",
    publisher="Springer",
    year="2004",
}

@book{restall,
    author=" Restall, G.",
    title="An introduction to substructural logics",
    publisher="Routledge",
    year="2000",
}


@incollection{parigot,
    author="Parigot, M.",
    title="$\lambda\mu$-calculus: an algorithmic interpretation of classical natural deduction",
    booktitle="Lecture Notes In Computer Science",
    year= 1992,
    address="berlin-Heidelberg",
    publisher="Springer",
    pages="190-201"
}

@book{takeuti,
    author="Takeuti, G.",
    title="Proof Theory",
    publisher="North Holland",
    year="1987",
    address="Amsterdam-Oxford."
}

@book{lambda,
    author="S{\o}rensen, B. and Urzyczyn, P.",
    title="Lectures on the Curry-Howard Isomorphism",
    publisher="Copenhagen University (on the web)",
    year="1998",
    address="Copenhagen."
}




